@online{yamlwebsite,
    title       = "YAML 1.2",
    author      = "I. d. Net",
    url         = "https://yaml.org/",
    urldate     = {2020-01-17}
}
